@INPROCEEDINGS{Geiger2012CVPR,
  author = {Andreas Geiger and Philip Lenz and Raquel Urtasun},
  title = {Are we ready for Autonomous Driving? The KITTI Vision Benchmark Suite},
  booktitle = {Conference on Computer Vision and Pattern    Recognition (CVPR)},
  year = {2012}
} 

@inproceedings{everingham2010pascal,
  title={The PASCAL Visual Object Classes Challenge 2011 (VOC 2011) Results (2011)},
  author={Everingham, M and Van Gool, L and Williams, CKI and Winn, J and Zisserman, A},
  booktitle={URL http://www. pascal-network. org/challenges/VOC/voc2011/workshop/index. html},
  year={2010}
}
  
  @inproceedings{rcnn,
  title={Rich feature hierarchies for accurate object detection and semantic segmentation},
  author={Ross Girshick, Jeff Donahue, Trevor Darrell, Jitendra Malik},
  booktitle={Conference on  Computer Vision and Pattern Recognition(CVPR)},
  year={2014}
  }
  
  @inproceedings{fast-rcnn,
  title={Fast R-CNN},
  author={Ross Girshick},
  booktitle={IEEE International Conference on Computer Vision (ICCV)},
  year={2015}
  }
  
  @inproceedings{faster-rcnn,
  title={Faster R-CNN: Towards Real-Time Object Detection with Region Proposal Networks},
  author={Shaoqing Ren, Kaiming He, Ross Girshick, Jian Su},
  booktitle={IEEE International Conference on Computer Vision (ICCV)},
  year={2015}
  }
  
  @inproceedings{yolo,
  title={You Only Look Once: Unified, Real-Time Object Detection},
  author={Joseph Redmon, Santosh Divvala, Ross Girshick, Ali Farhadi},
  booktitle={arXiv preprint arXiv:1506.02640},
  year={2015}
}

@inproceedings{long2015fully,
  title={Fully convolutional networks for semantic segmentation},
  author={Long, Jonathan and Shelhamer, Evan and Darrell, Trevor},
  booktitle={Proceedings of the IEEE Conference on Computer Vision and Pattern Recognition},
  pages={3431--3440},
  year={2015}
}