@INPROCEEDINGS{Geiger2012CVPR,
  author = {Andreas Geiger and Philip Lenz and Raquel Urtasun},
  title = {Are we ready for Autonomous Driving? The KITTI Vision Benchmark Suite},
  booktitle = {Conference on Computer Vision and Pattern    Recognition (CVPR)},
  year = {2012}
} 

@inproceedings{everingham2010pascal,
  title={The PASCAL Visual Object Classes Challenge 2011 (VOC 2011) Results (2011)},
  author={Everingham, M and Van Gool, L and Williams, CKI and Winn, J and Zisserman, A},
  booktitle={URL http://www. pascal-network. org/challenges/VOC/voc2011/workshop/index. html},
  year={2010}
}